
@article {unit-weighing-matrices-signal-processing,
    AUTHOR = {Adams, Sarah Spence and Karst, Nathaniel and Pollack,
              Jonathan},
     TITLE = {The minimum decoding delay of maximum rate complex orthogonal
              space-time block codes},
   JOURNAL = {IEEE Trans. Inform. Theory},
  FJOURNAL = {Institute of Electrical and Electronics Engineers.
              Transactions on Information Theory},
    VOLUME = {53},
      YEAR = {2007},
    NUMBER = {8},
     PAGES = {2677--2684},
      ISSN = {0018-9448},
   MRCLASS = {94A40 (94A29)},
  MRNUMBER = {2400488},
       DOI = {10.1109/TIT.2007.901174},
       URL = {https://doi.org/10.1109/TIT.2007.901174},
}

@article {waterloo,
    AUTHOR = {Arasu, K. T. and Dillon, John F. and Jungnickel, Dieter and
              Pott, Alexander},
     TITLE = {The solution of the {W}aterloo problem},
   JOURNAL = {J. Combin. Theory Ser. A},
  FJOURNAL = {Journal of Combinatorial Theory. Series A},
    VOLUME = {71},
      YEAR = {1995},
    NUMBER = {2},
     PAGES = {316--331},
      ISSN = {0097-3165},
   MRCLASS = {05B10 (05B25)},
  MRNUMBER = {1342452},
MRREVIEWER = {R. C. Mullin},
       DOI = {10.1016/0097-3165(95)90006-3},
       URL = {https://doi.org/10.1016/0097-3165(95)90006-3},
}

@article {even-prime-power-diff-sets,
    AUTHOR = {Arasu, K. T. and Dillon, J. F. and Leung, Ka Hin and Ma, Siu
              Lun},
     TITLE = {Cyclic relative difference sets with classical parameters},
   JOURNAL = {J. Combin. Theory Ser. A},
  FJOURNAL = {Journal of Combinatorial Theory. Series A},
    VOLUME = {94},
      YEAR = {2001},
    NUMBER = {1},
     PAGES = {118--126},
      ISSN = {0097-3165},
   MRCLASS = {05B10},
  MRNUMBER = {1816250},
MRREVIEWER = {Alexander Pott},
       DOI = {10.1006/jcta.2000.3137},
       URL = {https://doi.org/10.1006/jcta.2000.3137},
}

@article {equi-lines-spherical-codes,
    AUTHOR = {Balla, Igor and Dr\"{a}xler, Felix and Keevash, Peter and Sudakov,
              Benny},
     TITLE = {Equiangular lines and spherical codes in {E}uclidean space},
   JOURNAL = {Invent. Math.},
  FJOURNAL = {Inventiones Mathematicae},
    VOLUME = {211},
      YEAR = {2018},
    NUMBER = {1},
     PAGES = {179--212},
      ISSN = {0020-9910},
   MRCLASS = {94B25 (52C10)},
  MRNUMBER = {3742757},
MRREVIEWER = {Kiyoshi Yoshimoto},
       DOI = {10.1007/s00222-017-0746-0},
       URL = {https://doi.org/10.1007/s00222-017-0746-0},
}

@book {bannaialgebraic,
    AUTHOR = {Bannai, Eiichi and Ito, Tatsuro},
     TITLE = {Algebraic combinatorics. {I}},
      NOTE = {Association schemes},
 PUBLISHER = {The Benjamin/Cummings Publishing Co., Inc., Menlo Park, CA},
      YEAR = {1984},
     PAGES = {xxiv+425},
      ISBN = {0-8053-0490-8},
   MRCLASS = {05-01},
  MRNUMBER = {882540},
}

@book{bannai2021algebraic,
  title={Algebraic combinatorics},
  author={Bannai, Eiichi and Bannai, Etsuko and Ito, Tatsuro and Tanaka, Rie},
  year={2021},
  publisher={De Gruyter}
}

@book {combinatorics-of-finite-geometries,
    AUTHOR = {Batten, Lynn Margaret},
     TITLE = {Combinatorics of finite geometries},
   EDITION = {Second},
 PUBLISHER = {Cambridge University Press, Cambridge},
      YEAR = {1997},
     PAGES = {xiv+193},
      ISBN = {0-521-59014-0; 0-521-59993-8},
   MRCLASS = {51-01 (51Exx)},
  MRNUMBER = {1474497},
MRREVIEWER = {Tam\'{a}s Sz\H{o}nyi},
       DOI = {10.1017/CBO9780511665608},
       URL = {https://doi.org/10.1017/CBO9780511665608},
}

@article {berman-generalized-weighing-matrices,
    AUTHOR = {Berman, Gerald},
     TITLE = {Families of generalized weighing matrices},
   JOURNAL = {Canadian J. Math.},
  FJOURNAL = {Canadian Journal of Mathematics. Journal Canadien de
              Math\'{e}matiques},
    VOLUME = {30},
      YEAR = {1978},
    NUMBER = {5},
     PAGES = {1016--1028},
      ISSN = {0008-414X},
   MRCLASS = {05B20},
  MRNUMBER = {505633},
MRREVIEWER = {R. A. Brualdi},
       DOI = {10.4153/CJM-1978-086-8},
       URL = {https://doi.org/10.4153/CJM-1978-086-8},
}

@article {unbiased-complex,
    AUTHOR = {Best, Darcy and Kharaghani, Hadi},
     TITLE = {Unbiased complex {H}adamard matrices and bases},
   JOURNAL = {Cryptogr. Commun.},
  FJOURNAL = {Cryptography and Communications. Discrete Structures, Boolean
              Functions and Sequences},
    VOLUME = {2},
      YEAR = {2010},
    NUMBER = {2},
     PAGES = {199--209},
      ISSN = {1936-2447},
   MRCLASS = {05B20},
  MRNUMBER = {2719839},
       DOI = {10.1007/s12095-010-0029-8},
       URL = {https://doi.org/10.1007/s12095-010-0029-8},
}

@article {unbiased-weighing,
    AUTHOR = {Best, D. and Kharaghani, H. and Ramp, H.},
     TITLE = {Mutually unbiased weighing matrices},
   JOURNAL = {Des. Codes Cryptogr.},
  FJOURNAL = {Designs, Codes and Cryptography. An International Journal},
    VOLUME = {76},
      YEAR = {2015},
    NUMBER = {2},
     PAGES = {237--256},
      ISSN = {0925-1022},
   MRCLASS = {05B20},
  MRNUMBER = {3357244},
MRREVIEWER = {Paul Eric Becker},
       DOI = {10.1007/s10623-014-9944-6},
       URL = {https://doi.org/10.1007/s10623-014-9944-6},
}

@book {design-theory-v1,
    AUTHOR = {Beth, Thomas and Jungnickel, Dieter and Lenz, Hanfried},
     TITLE = {Design theory. {V}ols. {I} and {II}},
    SERIES = {Encyclopedia of Mathematics and its Applications},
    VOLUME = {69},
   EDITION = {Second},
 PUBLISHER = {Cambridge University Press, Cambridge},
      YEAR = {1999},
     PAGES = {xx+1100},
      ISBN = {0-521-44432-2},
   MRCLASS = {05B05 (20C30 51E05)},
  MRNUMBER = {1729456},
       DOI = {10.1017/CBO9780511549533},
       URL = {https://doi.org/10.1017/CBO9780511549533},
}

@book {design-theory-v2,
    AUTHOR = {Beth, Thomas and Jungnickel, Dieter and Lenz, Hanfried},
     TITLE = {Design theory. {V}ol. {II}},
    SERIES = {Encyclopedia of Mathematics and its Applications},
    VOLUME = {78},
   EDITION = {Second},
 PUBLISHER = {Cambridge University Press, Cambridge},
      YEAR = {1999},
     PAGES = {i--xxi and 608--1100},
      ISBN = {0-521-77231-1},
   MRCLASS = {05-01 (05B05)},
  MRNUMBER = {1742365},
       DOI = {10.1017/CBO9781139507660.003},
       URL = {https://doi.org/10.1017/CBO9781139507660.003},
}

@article {real-unbiased-bases,
    AUTHOR    = {Boykin, Oscar P. and Sitharam, Meera and Tarifi, Mohamad and Wocjan, Pawel},
    YEAR      = {2005},
    TITLE     = {Real mutually unbiased bases},
    PUBLISHER = {arXiv:quant-ph/0502024},
}

@article {bracken-mcguire,
    AUTHOR = {Bracken, Carl and McGuire, Gary and Ward, Harold},
     TITLE = {New quasi-symmetric designs constructed using mutually
              orthogonal {L}atin squares and {H}adamard matrices},
   JOURNAL = {Des. Codes Cryptogr.},
  FJOURNAL = {Designs, Codes and Cryptography. An International Journal},
    VOLUME = {41},
      YEAR = {2006},
    NUMBER = {2},
     PAGES = {195--198},
      ISSN = {0925-1022},
   MRCLASS = {05B15 (94B65)},
  MRNUMBER = {2271688},
MRREVIEWER = {Wensong Chu},
       DOI = {10.1007/s10623-006-9009-6},
       URL = {https://doi.org/10.1007/s10623-006-9009-6},
}

@manual{brouwer-homepage,
AUTHOR = {Brouwer, A. E.},
TITLE = {Homepage},
NOTE = {https://www.win.tue.nl/~aeb/},
}

@book {distance-regular-graphs,
    AUTHOR = {Brouwer, A. E. and Cohen, A. M. and Neumaier, A.},
     TITLE = {Distance-regular graphs},
    SERIES = {Ergebnisse der Mathematik und ihrer Grenzgebiete (3) [Results
              in Mathematics and Related Areas (3)]},
    VOLUME = {18},
 PUBLISHER = {Springer-Verlag, Berlin},
      YEAR = {1989},
     PAGES = {xviii+495},
      ISBN = {3-540-50619-5},
   MRCLASS = {05-02 (05C75)},
  MRNUMBER = {1002568},
MRREVIEWER = {Joe Hemmeter},
       DOI = {10.1007/978-3-642-74341-2},
       URL = {https://doi.org/10.1007/978-3-642-74341-2},
}

@article {butson-generalized-hadamard-matrices-1,
    AUTHOR = {Butson, A. T.},
     TITLE = {Generalized {H}adamard matrices},
   JOURNAL = {Proc. Amer. Math. Soc.},
  FJOURNAL = {Proceedings of the American Mathematical Society},
    VOLUME = {13},
      YEAR = {1962},
     PAGES = {894--898},
      ISSN = {0002-9939},
   MRCLASS = {15.45},
  MRNUMBER = {142557},
MRREVIEWER = {H. Gupta},
       DOI = {10.2307/2034082},
       URL = {https://doi.org/10.2307/2034082},
}

@article {butson-generalized-hadamard-matrices-2,
    AUTHOR = {Butson, A. T.},
     TITLE = {Relations among generalized {H}adamard matrices, relative
              difference sets, and maximal length linear recurring
              sequences},
   JOURNAL = {Canadian J. Math.},
  FJOURNAL = {Canadian Journal of Mathematics. Journal Canadien de
              Math\'{e}matiques},
    VOLUME = {15},
      YEAR = {1963},
     PAGES = {42--48},
      ISSN = {0008-414X},
   MRCLASS = {05.25},
  MRNUMBER = {142474},
MRREVIEWER = {Burton W. Jones},
       DOI = {10.4153/CJM-1963-005-3},
       URL = {https://doi.org/10.4153/CJM-1963-005-3},
}

@book {cameron-combinatorics,
    AUTHOR = {Cameron, Peter J.},
     TITLE = {Combinatorics: topics, techniques, algorithms},
 PUBLISHER = {Cambridge University Press, Cambridge},
      YEAR = {1994},
     PAGES = {x+355},
      ISBN = {0-521-45133-7; 0-521-45761-0},
   MRCLASS = {05-01},
  MRNUMBER = {1311922},
MRREVIEWER = {E. J. F. Primrose},
}

@book {perm-groups-cameron,
    AUTHOR = {Cameron, Peter J.},
     TITLE = {Permutation groups},
    SERIES = {London Mathematical Society Student Texts},
    VOLUME = {45},
 PUBLISHER = {Cambridge University Press, Cambridge},
      YEAR = {1999},
     PAGES = {x+220},
      ISBN = {0-521-65302-9; 0-521-65378-9},
   MRCLASS = {20B40},
  MRNUMBER = {1721031},
MRREVIEWER = {Miguel \'{A}. Borges-Trenard},
       DOI = {10.1017/CBO9780511623677},
       URL = {https://doi.org/10.1017/CBO9780511623677},
}

@book {designs-codes-graphs-and-their-links,
    AUTHOR = {Cameron, P. J. and van Lint, J. H.},
     TITLE = {Designs, graphs, codes and their links},
    SERIES = {London Mathematical Society Student Texts},
    VOLUME = {22},
 PUBLISHER = {Cambridge University Press, Cambridge},
      YEAR = {1991},
     PAGES = {x+240},
      ISBN = {0-521-41325-7; 0-521-42385-6},
   MRCLASS = {05-01 (94B05)},
  MRNUMBER = {1148891},
MRREVIEWER = {E. F. Assmus, Jr.},
       DOI = {10.1017/CBO9780511623714},
       URL = {https://doi.org/10.1017/CBO9780511623714},
}

@article {art-of-frame-theory,
    AUTHOR = {Casazza, Peter G.},
     TITLE = {The art of frame theory},
   JOURNAL = {Taiwanese J. Math.},
  FJOURNAL = {Taiwanese Journal of Mathematics},
    VOLUME = {4},
      YEAR = {2000},
    NUMBER = {2},
     PAGES = {129--201},
      ISSN = {1027-5487},
   MRCLASS = {42C15 (42A38)},
  MRNUMBER = {1757401},
MRREVIEWER = {Ole Christensen},
       DOI = {10.11650/twjm/1500407227},
       URL = {https://doi.org/10.11650/twjm/1500407227},
}

@inproceedings{real-equiangular-frames,
  title={Real equiangular frames},
  author={Casazza, Peter G and Redmond, Dan and Tremain, Janet C},
  booktitle={2008 42nd annual conference on information sciences and systems},
  pages={715--720},
  year={2008},
  organization={IEEE}
}

@book {intro-to-frame-theory,
    AUTHOR = {Christensen, Ole},
     TITLE = {An introduction to frames and {R}iesz bases},
    SERIES = {Applied and Numerical Harmonic Analysis},
   EDITION = {Second},
 PUBLISHER = {Birkh\"{a}user/Springer, [Cham]},
      YEAR = {2016},
     PAGES = {xxv+704},
      ISBN = {978-3-319-25611-5; 978-3-319-25613-9},
   MRCLASS = {42-02 (42C15 42C40 46B15 46C05)},
  MRNUMBER = {3495345},
MRREVIEWER = {Marcin M. Bownik},
       DOI = {10.1007/978-3-319-25613-9},
       URL = {https://doi.org/10.1007/978-3-319-25613-9},
}

@book {handbook,
     TITLE = {Handbook of combinatorial designs},
    SERIES = {Discrete Mathematics and its Applications (Boca Raton)},
    EDITOR = {Colbourn, Charles J. and Dinitz, Jeffrey H.},
   EDITION = {Second},
 PUBLISHER = {Chapman \& Hall/CRC, Boca Raton, FL},
      YEAR = {2007},
     PAGES = {xxii+984},
      ISBN = {978-1-58488-506-1; 1-58488-506-8},
   MRCLASS = {05-00 (05Bxx 62K10 94A60 94B05)},
  MRNUMBER = {2246267},
}

@article{craigen-kharaghani-hadamard-matrices,
  title={Hadamard matrices and Hadamard designs},
  author={Craigen, Robert and Kharaghani, Hadi},
  journal={Handbook of Combinatorial Designs},
  pages={273--280},
  year={2007},
  publisher={London, UK: Chapman and Hall, CRC}
}

@book {circulant-matrices-davis,
    AUTHOR = {Davis, Philip J.},
     TITLE = {Circulant matrices},
    SERIES = {A Wiley-Interscience Publication},
 PUBLISHER = {John Wiley \& Sons, New York-Chichester-Brisbane},
      YEAR = {1979},
     PAGES = {xv+250},
      ISBN = {0-471-05771-1},
   MRCLASS = {15-02 (15A57 65F30)},
  MRNUMBER = {543191},
MRREVIEWER = {Cs. J. Heged\H{u}s},
}

@article {daubechies,
    AUTHOR = {Daubechies, Ingrid and Grossmann, A. and Meyer, Y.},
     TITLE = {Painless nonorthogonal expansions},
   JOURNAL = {J. Math. Phys.},
  FJOURNAL = {Journal of Mathematical Physics},
    VOLUME = {27},
      YEAR = {1986},
    NUMBER = {5},
     PAGES = {1271--1283},
      ISSN = {0022-2488},
   MRCLASS = {81D30 (46C10)},
  MRNUMBER = {836025},
MRREVIEWER = {Robin Hudson},
       DOI = {10.1063/1.527388},
       URL = {https://doi.org/10.1063/1.527388},
}

@article{delsarte-orthogonal-matrices-over-a-group,
AUTHOR = {Delsarte, P.},
TITLE = {Orthogonal matrices over a group and related tactical configurations},
JOURNAL = {M.B.L.E. Report R90},
YEAR = {1968},
}

@article {delsarte-thesis,
    AUTHOR = {Delsarte, P.},
     TITLE = {An algebraic approach to the association schemes of coding
              theory},
   JOURNAL = {Philips Res. Rep. Suppl.},
  FJOURNAL = {Philips Research Reports. Supplements},
      YEAR = {1973},
    NUMBER = {10},
     PAGES = {vi+97},
   MRCLASS = {94A10},
  MRNUMBER = {384310},
MRREVIEWER = {Ian Blake},
}

@article {othogonal-matrices-with-zero-diagonal,
    AUTHOR = {Delsarte, P. and Goethals, J.-M. and Seidel, J. J.},
     TITLE = {Orthogonal matrices with zero diagonal. {II}},
   JOURNAL = {Canadian J. Math.},
  FJOURNAL = {Canadian Journal of Mathematics. Journal Canadien de
              Math\'{e}matiques},
    VOLUME = {23},
      YEAR = {1971},
     PAGES = {816--832},
      ISSN = {0008-414X},
   MRCLASS = {05B20},
  MRNUMBER = {325418},
MRREVIEWER = {L. D. Baumert},
       DOI = {10.4153/CJM-1971-091-x},
       URL = {https://doi.org/10.4153/CJM-1971-091-x},
}

@article {spherical-codes-designs,
    AUTHOR = {Delsarte, P. and Goethals, J. M. and Seidel, J. J.},
     TITLE = {Spherical codes and designs},
   JOURNAL = {Geometriae Dedicata},
  FJOURNAL = {Geometriae Dedicata},
    VOLUME = {6},
      YEAR = {1977},
    NUMBER = {3},
     PAGES = {363--388},
   MRCLASS = {05B99},
  MRNUMBER = {485471},
MRREVIEWER = {Michel Deza},
       DOI = {10.1007/bf03187604},
       URL = {https://doi.org/10.1007/bf03187604},
}

@book {finite-geometries,
    AUTHOR = {Dembowski, Peter},
     TITLE = {Finite geometries},
    SERIES = {Classics in Mathematics},
      NOTE = {Reprint of the 1968 original},
 PUBLISHER = {Springer-Verlag, Berlin},
      YEAR = {1997},
     PAGES = {xii+375},
      ISBN = {3-540-61786-8},
   MRCLASS = {51Exx (05B25 51-02)},
  MRNUMBER = {1434062},
}

@article {drake-generalized-hadamard-matrices,
    AUTHOR = {Drake, David A.},
     TITLE = {Partial {$\lambda $}-geometries and generalized {H}adamard
              matrices over groups},
   JOURNAL = {Canadian J. Math.},
  FJOURNAL = {Canadian Journal of Mathematics. Journal Canadien de
              Math\'{e}matiques},
    VOLUME = {31},
      YEAR = {1979},
    NUMBER = {3},
     PAGES = {617--627},
      ISSN = {0008-414X},
   MRCLASS = {05B20 (05B15 05B25)},
  MRNUMBER = {536367},
MRREVIEWER = {Jennifer Seberry},
       DOI = {10.4153/CJM-1979-062-1},
       URL = {https://doi.org/10.4153/CJM-1979-062-1},
}

@article{durt-mutually-unbiased-bases,
  title={On mutually unbiased bases},
  author={Durt, Thomas and Englert, Berthold-Georg and Bengtsson, Ingemar and {\.Z}yczkowski, Karol},
  journal={International journal of quantum information},
  volume={8},
  number={04},
  pages={535--640},
  year={2010},
  publisher={World Scientific}
}

@article {butson-rel-diff-set,
    AUTHOR = {Elliott, J. E. H. and Butson, A. T.},
     TITLE = {Relative difference sets},
   JOURNAL = {Illinois J. Math.},
  FJOURNAL = {Illinois Journal of Mathematics},
    VOLUME = {10},
      YEAR = {1966},
     PAGES = {517--531},
      ISSN = {0019-2082},
   MRCLASS = {05.22},
  MRNUMBER = {193019},
MRREVIEWER = {H. B. Mann},
       URL = {http://projecteuclid.org/euclid.ijm/1256055004},
}

@article {fender-quh,
    AUTHOR = {Fender, Kai and Kharaghani, Hadi and Suda, Sho},
     TITLE = {On a class of quaternary complex {H}adamard matrices},
   JOURNAL = {Discrete Math.},
  FJOURNAL = {Discrete Mathematics},
    VOLUME = {341},
      YEAR = {2018},
    NUMBER = {2},
     PAGES = {421--426},
      ISSN = {0012-365X},
   MRCLASS = {05B20 (05E30 15B36)},
  MRNUMBER = {3724109},
MRREVIEWER = {LeRoy B. Beasley},
       DOI = {10.1016/j.disc.2017.09.009},
       URL = {https://doi.org/10.1016/j.disc.2017.09.009},
}

@article {fisher-inequality,
    AUTHOR = {Fisher, R. A.},
     TITLE = {An examination of the different possible solutions of a
              problem in incomplete blocks},
   JOURNAL = {Ann. Eugenics},
  FJOURNAL = {Annals of Eugenics. A Journal Devoted to the Genetic Study of
              Human Populations},
    VOLUME = {10},
      YEAR = {1940},
     PAGES = {52--75},
      ISSN = {2050-1420},
   MRCLASS = {62.0X},
  MRNUMBER = {2086},
MRREVIEWER = {H. S. M. Coxeter},
}

@book {seberry-od-1979,
    AUTHOR = {Geramita, Anthony V. and Seberry, Jennifer},
     TITLE = {Orthogonal designs},
    SERIES = {Lecture Notes in Pure and Applied Mathematics},
    VOLUME = {45},
      NOTE = {Quadratic forms and Hadamard matrices},
 PUBLISHER = {Marcel Dekker, Inc., New York},
      YEAR = {1979},
     PAGES = {x+460},
      ISBN = {0-8247-6774-8},
   MRCLASS = {05-02 (05B20)},
  MRNUMBER = {534614},
MRREVIEWER = {Derbian F. Hsu},
}

@inproceedings {mathon-signings,
    AUTHOR = {Gibbons, Peter B. and Mathon, Rudolf A.},
     TITLE = {Group signings of symmetric balanced incomplete block designs},
 BOOKTITLE = {Proceedings of the {S}ingapore conference on combinatorial
              mathematics and computing ({S}ingapore, 1986)},
   JOURNAL = {Ars Combin.},
  FJOURNAL = {Ars Combinatoria},
    VOLUME = {23},
      YEAR = {1987},
    NUMBER = {A},
     PAGES = {123--134},
      ISSN = {0381-7032},
   MRCLASS = {05B05 (05B20)},
  MRNUMBER = {890133},
MRREVIEWER = {Elizabeth J. Billington},
}

@article {skew-36,
    AUTHOR = {Goethals, J.-M. and Seidel, J. J.},
     TITLE = {A skew {H}adamard matrix of order {$36$}},
   JOURNAL = {J. Austral. Math. Soc.},
  FJOURNAL = {Australian Mathematical Society. Journal. Series A. Pure
              Mathematics and Statistics},
    VOLUME = {11},
      YEAR = {1970},
     PAGES = {343--344},
      ISSN = {0263-6115},
   MRCLASS = {05.25},
  MRNUMBER = {0269527},
MRREVIEWER = {D. W. Walkup},
}

@article {godsil-equiangular-unbiased,
    AUTHOR = {Godsil, Chris and Roy, Aidan},
     TITLE = {Equiangular lines, mutually unbiased bases, and spin models},
   JOURNAL = {European J. Combin.},
  FJOURNAL = {European Journal of Combinatorics},
    VOLUME = {30},
      YEAR = {2009},
    NUMBER = {1},
     PAGES = {246--262},
      ISSN = {0195-6698},
   MRCLASS = {05B10 (81P68 94A99)},
  MRNUMBER = {2460230},
MRREVIEWER = {Harriet S. Pollatsek},
       DOI = {10.1016/j.ejc.2008.01.002},
       URL = {https://doi.org/10.1016/j.ejc.2008.01.002},
}

@article{gabor,
  title={Theory of communication. Part 1: The analysis of information},
  author={Gabor, Dennis},
  journal={Journal of the Institution of Electrical Engineers-Part III: Radio and Communication Engineering},
  volume={93},
  number={26},
  pages={429--441},
  year={1946},
  publisher={IET}
}

@article {golay,
    AUTHOR = {Golay, Marcel J. E.},
     TITLE = {Complementary series},
   JOURNAL = {IRE Trans.},
    VOLUME = {IT-7},
      YEAR = {1961},
     PAGES = {82--87},
   MRCLASS = {05.04},
  MRNUMBER = {0125799},
MRREVIEWER = {A. L. Duquette},
       DOI = {10.1109/tit.1961.1057620},
       URL = {https://doi.org/10.1109/tit.1961.1057620},
}

@article{hadamard,
author={Hadamard, J.},
title={Resolution d'une question relative aux determinants},
journal={Bull. des Sciences Math.},
year={1893},
volume={2},
pages={240-246},
URL={https://ci.nii.ac.jp/naid/20000814080/en/},
}

@book {group=theory-hall,
    AUTHOR = {Hall, Jr., Marshall},
     TITLE = {The theory of groups},
      NOTE = {Reprinting of the 1968 edition},
 PUBLISHER = {Chelsea Publishing Co., New York},
      YEAR = {1976},
     PAGES = {xiii+434},
   MRCLASS = {20-02},
  MRNUMBER = {0414669},
}

@book {combinatorial-theory,
    AUTHOR = {Hall, Jr., Marshall},
     TITLE = {Combinatorial theory},
    SERIES = {Wiley-Interscience Series in Discrete Mathematics},
   EDITION = {Second},
      NOTE = {A Wiley-Interscience Publication},
 PUBLISHER = {John Wiley \& Sons, Inc., New York},
      YEAR = {1986},
     PAGES = {xviii+440},
      ISBN = {0-471-09138-3},
   MRCLASS = {05-01},
  MRNUMBER = {840216},
MRREVIEWER = {Giuseppe Pellegrino},
}

@book {halmos-hilbert-space-problems,
    AUTHOR = {Halmos, Paul Richard},
     TITLE = {A {H}ilbert space problem book},
    SERIES = {Encyclopedia of Mathematics and its Applications},
    VOLUME = {17},
   EDITION = {Second},
 PUBLISHER = {Springer-Verlag, New York-Berlin},
      YEAR = {1982},
     PAGES = {xvii+369},
      ISBN = {0-387-90685-1},
   MRCLASS = {47-01 (46-01)},
  MRNUMBER = {675952},
MRREVIEWER = {J. Weidmann},
}

@book {halmos-hilbert-space,
    AUTHOR = {Halmos, Paul R.},
     TITLE = {Introduction to {H}ilbert space and the theory of spectral
              multiplicity},
      NOTE = {Reprint of the second (1957) edition},
 PUBLISHER = {AMS Chelsea Publishing, Providence, RI},
      YEAR = {1998},
     PAGES = {114},
      ISBN = {0-8218-1378-1},
   MRCLASS = {47-01 (46-01 47A10)},
  MRNUMBER = {1653399},
}

@article {richard-hamming,
    AUTHOR = {Hamming, R. W.},
     TITLE = {Error detecting and error correcting codes},
   JOURNAL = {Bell System Tech. J.},
  FJOURNAL = {The Bell System Technical Journal},
    VOLUME = {29},
      YEAR = {1950},
     PAGES = {147--160},
      ISSN = {0005-8580},
   MRCLASS = {60.0X},
  MRNUMBER = {35935},
MRREVIEWER = {H. H. Goldstine},
       DOI = {10.1002/j.1538-7305.1950.tb00463.x},
       URL = {https://doi.org/10.1002/j.1538-7305.1950.tb00463.x},
}

@book {undergrad-frames,
    AUTHOR = {Han, Deguang and Kornelson, Keri and Larson, David and Weber,
              Eric},
     TITLE = {Frames for undergraduates},
    SERIES = {Student Mathematical Library},
    VOLUME = {40},
 PUBLISHER = {American Mathematical Society, Providence, RI},
      YEAR = {2007},
     PAGES = {xiv+295},
      ISBN = {978-0-8218-4212-6},
   MRCLASS = {42C15 (42-01)},
  MRNUMBER = {2367342},
       DOI = {10.1090/stml/040},
       URL = {https://doi.org/10.1090/stml/040},
}

@article {heikoop-skew-hadamard,
    AUTHOR = {Heikoop, Philip and Ponasso, Guillermo Nu\~{n}ez and \'{O} Cath\'{a}in,
              Padraig and Pugmire, John},
     TITLE = {Morphisms of skew {H}adamard matrices},
   JOURNAL = {Bull. Inst. Combin. Appl.},
  FJOURNAL = {Bulletin of the Institute of Combinatorics and its
              Applications},
    VOLUME = {90},
      YEAR = {2020},
     PAGES = {50--62},
      ISSN = {1183-1278},
   MRCLASS = {15B34 (05B20 11R11)},
  MRNUMBER = {4156397},
}

@article {higman1,
    AUTHOR = {Higman, D. G.},
     TITLE = {Coherent configurations. {I}. {O}rdinary representation
              theory},
   JOURNAL = {Geometriae Dedicata},
  FJOURNAL = {Geometriae Dedicata},
    VOLUME = {4},
      YEAR = {1975},
    NUMBER = {1},
     PAGES = {1--32},
   MRCLASS = {05B99},
  MRNUMBER = {398868},
MRREVIEWER = {Robert A. Liebler},
       DOI = {10.1007/BF00147398},
       URL = {https://doi.org/10.1007/BF00147398},
}

@article {higman2,
    AUTHOR = {Higman, D. G.},
     TITLE = {Coherent configurations. {II}. {W}eights},
   JOURNAL = {Geometriae Dedicata},
  FJOURNAL = {Geometriae Dedicata},
    VOLUME = {5},
      YEAR = {1976},
    NUMBER = {4},
     PAGES = {413--424},
   MRCLASS = {05B99 (20C99)},
  MRNUMBER = {437368},
MRREVIEWER = {Robert A. Liebler},
       DOI = {10.1007/BF00150773},
       URL = {https://doi.org/10.1007/BF00150773},
}

@book {hill-coding,
    AUTHOR = {Hill, Raymond},
     TITLE = {A first course in coding theory},
    SERIES = {Oxford Applied Mathematics and Computing Science Series},
 PUBLISHER = {The Clarendon Press, Oxford University Press, New York},
      YEAR = {1986},
     PAGES = {xii+251},
      ISBN = {0-19-853804-9},
   MRCLASS = {94Bxx (94-01)},
  MRNUMBER = {853914},
MRREVIEWER = {M. R\u{a}duic\u{a}},
}

@incollection {unbiased-real,
    AUTHOR = {Holzmann, W. H. and Kharaghani, H. and Orrick, W.},
     TITLE = {On the real unbiased {H}adamard matrices},
 BOOKTITLE = {Combinatorics and graphs},
    SERIES = {Contemp. Math.},
    VOLUME = {531},
     PAGES = {243--250},
 PUBLISHER = {Amer. Math. Soc., Providence, RI},
      YEAR = {2010},
   MRCLASS = {05B20 (05A15 05D10)},
  MRNUMBER = {2757803},
       DOI = {10.1090/conm/531/10471},
       URL = {https://doi.org/10.1090/conm/531/10471},
}

@book {horadam-hadamard-matrices,
    AUTHOR = {Horadam, K. J.},
     TITLE = {Hadamard matrices and their applications},
 PUBLISHER = {Princeton University Press, Princeton, NJ},
      YEAR = {2007},
     PAGES = {xiv+263},
      ISBN = {978-0-691-11921-2; 0-691-11921-X},
   MRCLASS = {05B20 (05E20 15-02 15A36 94A12 94A60)},
  MRNUMBER = {2265694},
MRREVIEWER = {Robert Craigen},
}

@article {hotelling,
    AUTHOR = {Hotelling, Harold},
     TITLE = {Some improvements in weighing and other experimental
              techniques},
   JOURNAL = {Ann. Math. Statistics},
  FJOURNAL = {Annals of Mathematical Statistics},
    VOLUME = {15},
      YEAR = {1944},
     PAGES = {297--306},
      ISSN = {0003-4851},
   MRCLASS = {62.0X},
  MRNUMBER = {10951},
MRREVIEWER = {A. M. Mood},
       DOI = {10.1214/aoms/1177731236},
       URL = {https://doi.org/10.1214/aoms/1177731236},
}

@book {pless-book,
    AUTHOR = {Huffman, W. Cary and Pless, Vera},
     TITLE = {Fundamentals of error-correcting codes},
 PUBLISHER = {Cambridge University Press, Cambridge},
      YEAR = {2003},
     PAGES = {xviii+646},
      ISBN = {0-521-78280-5},
   MRCLASS = {94Bxx (94-01)},
  MRNUMBER = {1996953},
MRREVIEWER = {H. F. Mattson, Jr.},
       DOI = {10.1017/CBO9780511807077},
       URL = {https://doi.org/10.1017/CBO9780511807077},
}

@article {hurwitz,
    AUTHOR = {Hurwitz, A.},
     TITLE = {\"{U}ber die {K}omposition der quadratischen {F}ormen},
   JOURNAL = {Math. Ann.},
  FJOURNAL = {Mathematische Annalen},
    VOLUME = {88},
      YEAR = {1922},
    NUMBER = {1-2},
     PAGES = {1--25},
      ISSN = {0025-5831},
   MRCLASS = {DML},
  MRNUMBER = {1512117},
       DOI = {10.1007/BF01448439},
       URL = {https://doi.org/10.1007/BF01448439},
}

@article {ionin-bgw-bibd,
    AUTHOR = {Ionin, Yury J.},
     TITLE = {Applying balanced generalized weighing matrices to construct
              block designs},
   JOURNAL = {Electron. J. Combin.},
  FJOURNAL = {Electronic Journal of Combinatorics},
    VOLUME = {8},
      YEAR = {2001},
    NUMBER = {1},
     PAGES = {Research Paper 12, 15},
   MRCLASS = {05B20 (05B05)},
  MRNUMBER = {1814519},
MRREVIEWER = {Dieter Jungnickel},
       URL = {http://www.combinatorics.org/Volume_8/Abstracts/v8i1r12.html},
}

@article {ionin-kharaghani-srg,
    AUTHOR = {Ionin, Yury J. and Kharaghani, Hadi},
     TITLE = {New families of strongly regular graphs},
   JOURNAL = {J. Combin. Des.},
  FJOURNAL = {Journal of Combinatorial Designs},
    VOLUME = {11},
      YEAR = {2003},
    NUMBER = {3},
     PAGES = {208--217},
      ISSN = {1063-8539},
   MRCLASS = {05E30},
  MRNUMBER = {1973253},
MRREVIEWER = {A. A. Makhnev},
       DOI = {10.1002/jcd.10038},
       URL = {https://doi.org/10.1002/jcd.10038},
}

@article {ionin-kharaghani-drad,
    AUTHOR = {Ionin, Yury J. and Kharaghani, Hadi},
     TITLE = {Doubly regular digraphs and symmetric designs},
   JOURNAL = {J. Combin. Theory Ser. A},
  FJOURNAL = {Journal of Combinatorial Theory. Series A},
    VOLUME = {101},
      YEAR = {2003},
    NUMBER = {1},
     PAGES = {35--48},
      ISSN = {0097-3165},
   MRCLASS = {05C20 (05B05)},
  MRNUMBER = {1953279},
MRREVIEWER = {N. Ito},
       DOI = {10.1016/S0097-3165(02)00015-8},
       URL = {https://doi.org/10.1016/S0097-3165(02)00015-8},
}

@book {combinatorics-of-symmetric-designs,
    AUTHOR = {Ionin, Yury J. and Shrikhande, Mohan S.},
     TITLE = {Combinatorics of symmetric designs},
    SERIES = {New Mathematical Monographs},
    VOLUME = {5},
 PUBLISHER = {Cambridge University Press, Cambridge},
      YEAR = {2006},
     PAGES = {xiv+520},
      ISBN = {978-0-521-81833-9; 0-521-81833-8},
   MRCLASS = {05-02 (05B05 05B20 05B25 05D05 05E30 94B25)},
  MRNUMBER = {2234039},
MRREVIEWER = {Sylvia A. Hobart},
       DOI = {10.1017/CBO9780511542992},
       URL = {https://doi.org/10.1017/CBO9780511542992},
}

@book {isaacs,
    AUTHOR = {Isaacs, I. Martin},
     TITLE = {Character theory of finite groups},
      NOTE = {Corrected reprint of the 1976 original [Academic Press, New
              York; MR0460423]},
 PUBLISHER = {AMS Chelsea Publishing, Providence, RI},
      YEAR = {2006},
     PAGES = {xii+310},
      ISBN = {978-0-8218-4229-4; 0-8218-4229-3},
   MRCLASS = {20-02 (20C05 20C15 20C20 20C25)},
  MRNUMBER = {2270898},
       DOI = {10.1090/chel/359},
       URL = {https://doi.org/10.1090/chel/359},
}

@article {jorgensen-drad,
    AUTHOR = {J\o rgensen, Leif K.},
     TITLE = {Normally regular digraphs},
   JOURNAL = {Electron. J. Combin.},
  FJOURNAL = {Electronic Journal of Combinatorics},
    VOLUME = {22},
      YEAR = {2015},
    NUMBER = {4},
     PAGES = {Paper 4.21, 30},
   MRCLASS = {05C50 (05B05 05C20 05E30)},
  MRNUMBER = {3425612},
MRREVIEWER = {Kijung Kim},
}

@article {gdd-singer,
    AUTHOR = {Jungnickel, Dieter},
     TITLE = {On automorphism groups of divisible designs},
   JOURNAL = {Canadian J. Math.},
  FJOURNAL = {Canadian Journal of Mathematics. Journal Canadien de
              Math\'{e}matiques},
    VOLUME = {34},
      YEAR = {1982},
    NUMBER = {2},
     PAGES = {257--297},
      ISSN = {0008-414X},
   MRCLASS = {05B10 (05B25 05B30 20B25)},
  MRNUMBER = {658966},
MRREVIEWER = {David A. Drake},
       DOI = {10.4153/CJM-1982-018-x},
       URL = {https://doi.org/10.4153/CJM-1982-018-x},
}

@article {gdd-singer-2,
    AUTHOR = {Jungnickel, Dieter},
     TITLE = {On automorphism groups of divisible designs. {II}. {G}roup
              invariant generalised conference matrices},
   JOURNAL = {Arch. Math. (Basel)},
  FJOURNAL = {Archiv der Mathematik},
    VOLUME = {54},
      YEAR = {1990},
    NUMBER = {2},
     PAGES = {200--208},
      ISSN = {0003-889X},
   MRCLASS = {05B20 (05B10 05B30)},
  MRNUMBER = {1035356},
MRREVIEWER = {Wayne M. Dymacek},
       DOI = {10.1007/BF01198118},
       URL = {https://doi.org/10.1007/BF01198118},
}

@article {jungnickel-kharaghani-bgw,
    AUTHOR = {Jungnickel, Dieter and Kharaghani, H.},
     TITLE = {Balanced generalized weighing matrices and their applications},
   JOURNAL = {Matematiche (Catania)},
  FJOURNAL = {Le Matematiche},
    VOLUME = {59},
      YEAR = {2004},
    NUMBER = {1-2},
     PAGES = {225--261 (2006)},
      ISSN = {0373-3505},
   MRCLASS = {05B20},
  MRNUMBER = {2243033},
MRREVIEWER = {Bronis\l aw Ceranka},
}

@article {jungnickel-tonchev-perfect-codes-1,
    AUTHOR = {Jungnickel, Dieter and Tonchev, Vladimir D.},
     TITLE = {Perfect codes and balanced generalized weighing matrices},
   JOURNAL = {Finite Fields Appl.},
  FJOURNAL = {Finite Fields and their Applications},
    VOLUME = {5},
      YEAR = {1999},
    NUMBER = {3},
     PAGES = {294--300},
      ISSN = {1071-5797},
   MRCLASS = {05B20 (05B25 94B05)},
  MRNUMBER = {1702921},
MRREVIEWER = {Ivan Landgev},
       DOI = {10.1006/ffta.1999.0252},
       URL = {https://doi.org/10.1006/ffta.1999.0252},
}

@article {jungnickel-tonchev-perfect-codes-2,
    AUTHOR = {Jungnickel, Dieter and Tonchev, Vladimir D.},
     TITLE = {Perfect codes and balanced generalized weighing matrices.
              {II}},
   JOURNAL = {Finite Fields Appl.},
  FJOURNAL = {Finite Fields and their Applications},
    VOLUME = {8},
      YEAR = {2002},
    NUMBER = {2},
     PAGES = {155--165},
      ISSN = {1071-5797},
   MRCLASS = {94B05 (05B20 05B25 94A55)},
  MRNUMBER = {1894509},
MRREVIEWER = {Ivan Landgev},
       DOI = {10.1006/ffta.2001.0327},
       URL = {https://doi.org/10.1006/ffta.2001.0327},
}

@article {kharaghani-auxiliary,
    AUTHOR = {Kharaghani, H.},
     TITLE = {New class of weighing matrices},
   JOURNAL = {Ars Combin.},
  FJOURNAL = {Ars Combinatoria},
    VOLUME = {19},
      YEAR = {1985},
     PAGES = {69--72},
      ISSN = {0381-7032},
   MRCLASS = {05B20},
  MRNUMBER = {810264},
MRREVIEWER = {Jennifer Seberry},
}

@article {kharaghani-symmetric-bgw,
    AUTHOR = {Kharaghani, H.},
     TITLE = {On a class of symmetric balanced generalized weighing
              matrices},
   JOURNAL = {Des. Codes Cryptogr.},
  FJOURNAL = {Designs, Codes and Cryptography. An International Journal},
    VOLUME = {30},
      YEAR = {2003},
    NUMBER = {2},
     PAGES = {139--149},
      ISSN = {0925-1022},
   MRCLASS = {05B05 (05E30)},
  MRNUMBER = {2006485},
MRREVIEWER = {Asha Rao},
       DOI = {10.1023/A:1025436002985},
       URL = {https://doi.org/10.1023/A:1025436002985},
}

@article {ddg-schemes,
    AUTHOR = {Kharaghani, Hadi and Suda, Sho},
     TITLE = {Divisible design digraphs and association schemes},
   JOURNAL = {Finite Fields Appl.},
  FJOURNAL = {Finite Fields and their Applications},
    VOLUME = {69},
      YEAR = {2021},
     PAGES = {Paper No. 101763, 17},
      ISSN = {1071-5797},
   MRCLASS = {05E30 (05B05 05B20)},
  MRNUMBER = {4167170},
MRREVIEWER = {Dean Crnkovi\'{c}},
       DOI = {10.1016/j.ffa.2020.101763},
       URL = {https://doi.org/10.1016/j.ffa.2020.101763},
}

@article {split-od,
    AUTHOR = {Kharaghani, Hadi and Pender, Thomas and Suda, Sho},
     TITLE = {Balancedly splittable orthogonal designs and equiangular tight
              frames},
   JOURNAL = {Des. Codes Cryptogr.},
  FJOURNAL = {Designs, Codes and Cryptography. An International Journal},
    VOLUME = {89},
      YEAR = {2021},
    NUMBER = {9},
     PAGES = {2033--2050},
      ISSN = {0925-1022},
   MRCLASS = {05B20 (05B30)},
  MRNUMBER = {4302183},
       DOI = {10.1007/s10623-021-00897-1},
       URL = {https://doi.org/10.1007/s10623-021-00897-1},
}

@article {w-mat-construct,
    AUTHOR = {Kharaghani, Hadi and Pender, Thomas and Suda, Sho},
     TITLE = {Balanced weighing matrices},
   JOURNAL = {J. Combin. Theory Ser. A},
  FJOURNAL = {Journal of Combinatorial Theory. Series A},
    VOLUME = {186},
      YEAR = {2022},
     PAGES = {Paper No. 105552, 18},
      ISSN = {0097-3165},
   MRCLASS = {05B20 (05E30 15B34)},
  MRNUMBER = {4329093},
       DOI = {10.1016/j.jcta.2021.105552},
       URL = {https://doi.org/10.1016/j.jcta.2021.105552},
}

@article {new-bw,
    AUTHOR = {Kharaghani, Hadi and Pender, Thomas and Suda, Sho},
     TITLE = {A family of balanced generalized weighing matrices},
   JOURNAL = {Combinatorica, to appear},
      YEAR = {2022},
}

@article {unbiased-od,
    AUTHOR = {Kharaghani, Hadi and Suda, Sho},
     TITLE = {Unbiased orthogonal designs},
   JOURNAL = {Des. Codes Cryptogr.},
  FJOURNAL = {Designs, Codes and Cryptography. An International Journal},
    VOLUME = {86},
      YEAR = {2018},
    NUMBER = {7},
     PAGES = {1573--1588},
      ISSN = {0925-1022},
   MRCLASS = {94B25 (05B20 05B30 05E30)},
  MRNUMBER = {3798042},
MRREVIEWER = {Zihong Tian},
       DOI = {10.1007/s10623-017-0414-9},
       URL = {https://doi.org/10.1007/s10623-017-0414-9},
}

@article {splittable-hadamard,
    AUTHOR = {Kharaghani, Hadi and Suda, Sho},
     TITLE = {Balancedly splittable {H}adamard matrices},
   JOURNAL = {Discrete Math.},
  FJOURNAL = {Discrete Mathematics},
    VOLUME = {342},
      YEAR = {2019},
    NUMBER = {2},
     PAGES = {546--561},
      ISSN = {0012-365X},
   MRCLASS = {05B20 (05E30)},
  MRNUMBER = {3877331},
MRREVIEWER = {Andrea \v{S}vob},
       DOI = {10.1016/j.disc.2018.10.021},
       URL = {https://doi.org/10.1016/j.disc.2018.10.021},
}

@article {lam-leung,
    AUTHOR = {Lam, T. Y. and Leung, K. H.},
     TITLE = {On vanishing sums of roots of unity},
   JOURNAL = {J. Algebra},
  FJOURNAL = {Journal of Algebra},
    VOLUME = {224},
      YEAR = {2000},
    NUMBER = {1},
     PAGES = {91--109},
      ISSN = {0021-8693},
   MRCLASS = {11L03},
  MRNUMBER = {1736695},
MRREVIEWER = {Martin W. Liebeck},
       DOI = {10.1006/jabr.1999.8089},
       URL = {https://doi.org/10.1006/jabr.1999.8089},
}

@book {lang-algebra,
    AUTHOR = {Lang, Serge},
     TITLE = {Algebra},
    SERIES = {Graduate Texts in Mathematics},
    VOLUME = {211},
   EDITION = {third},
 PUBLISHER = {Springer-Verlag, New York},
      YEAR = {2002},
     PAGES = {xvi+914},
      ISBN = {0-387-95385-X},
   MRCLASS = {00A05 (15-02)},
  MRNUMBER = {1878556},
       DOI = {10.1007/978-1-4613-0041-0},
       URL = {https://doi.org/10.1007/978-1-4613-0041-0},
}

@book {algebraic-design-theory,
    AUTHOR = {de Launey, Warwick and Flannery, Dane},
     TITLE = {Algebraic design theory},
    SERIES = {Mathematical Surveys and Monographs},
    VOLUME = {175},
 PUBLISHER = {American Mathematical Society, Providence, RI},
      YEAR = {2011},
     PAGES = {xii+298},
      ISBN = {978-0-8218-4496-0},
   MRCLASS = {05-02 (05B05 05B20 15B34)},
  MRNUMBER = {2815992},
MRREVIEWER = {Robert Craigen},
       DOI = {10.1090/surv/175},
       URL = {https://doi.org/10.1090/surv/175},
}

@article {bgw-19-9-4,
    AUTHOR = {de Launey, W. and Sarvate, D. G.},
     TITLE = {Nonexistence of certain {GBRD}s},
   JOURNAL = {Ars Combin.},
  FJOURNAL = {Ars Combinatoria},
    VOLUME = {18},
      YEAR = {1984},
     PAGES = {5--20},
      ISSN = {0381-7032},
   MRCLASS = {05B20 (05B05)},
  MRNUMBER = {823827},
MRREVIEWER = {A. Rosa},
}

@article{levenshtein-hadamard-codes,
author={Levenshtein, V. I.},
title={Application of Hadamard matrices on coding problem},
journal={Problems of Cybernetica},
year={1961},
volume={5},
pages={123-136},
URL={https://ci.nii.ac.jp/naid/10014998812/en/},
}

@book {finite-fields,
    AUTHOR = {Lidl, Rudolf and Niederreiter, Harald},
     TITLE = {Introduction to finite fields and their applications},
   EDITION = {first},
 PUBLISHER = {Cambridge University Press, Cambridge},
      YEAR = {1994},
     PAGES = {xii+416},
      ISBN = {0-521-46094-8},
   MRCLASS = {11Txx (94A60 94B27)},
  MRNUMBER = {1294139},
       DOI = {10.1017/CBO9781139172769},
       URL = {https://doi.org/10.1017/CBO9781139172769},
}

@book {van-lint-codes,
    AUTHOR = {van Lint, J. H.},
     TITLE = {Introduction to coding theory},
    SERIES = {Graduate Texts in Mathematics},
    VOLUME = {86},
   EDITION = {Third},
 PUBLISHER = {Springer-Verlag, Berlin},
      YEAR = {1999},
     PAGES = {xiv+227},
      ISBN = {3-540-64133-5},
   MRCLASS = {94-01 (11T71 94Bxx)},
  MRNUMBER = {1664228},
MRREVIEWER = {Ruud Pellikaan},
       DOI = {10.1007/978-3-642-58575-3},
       URL = {https://doi.org/10.1007/978-3-642-58575-3},
}

@book {error-correcting-codes-v2,
    AUTHOR = {MacWilliams, F. J. and Sloane, N. J. A.},
     TITLE = {The theory of error-correcting codes. {I} and {II}},
      NOTE = {North-Holland Mathematical Library, Vol. 16},
 PUBLISHER = {North-Holland Publishing Co., Amsterdam-New York-Oxford},
      YEAR = {1977},
     PAGES = {i--xv and 1--369},
      ISBN = {0-444-85009-0},
   MRCLASS = {94A10},
  MRNUMBER = {0465509},
MRREVIEWER = {Ian Blake},
}

@book {error-correcting-codes-v1,
    AUTHOR = {MacWilliams, F. J. and Sloane, N. J. A.},
     TITLE = {The theory of error-correcting codes. {I} and {II}},
      NOTE = {North-Holland Mathematical Library, Vol. 16},
 PUBLISHER = {North-Holland Publishing Co., Amsterdam-New York-Oxford},
      YEAR = {1977},
     PAGES = {i--ix and 370--762},
      ISBN = {0-444-85010-4},
   MRCLASS = {94A10},
  MRNUMBER = {0465510},
MRREVIEWER = {Ian Blake},
}

@article {non-uniform-fisher-inequality,
    AUTHOR = {Majumdar, Kulendra N.},
     TITLE = {On some theorems in combinatorics relating to incomplete block
              designs},
   JOURNAL = {Ann. Math. Statistics},
  FJOURNAL = {Annals of Mathematical Statistics},
    VOLUME = {24},
      YEAR = {1953},
     PAGES = {377--389},
      ISSN = {0003-4851},
   MRCLASS = {09.0X},
  MRNUMBER = {56559},
MRREVIEWER = {H. B. Mann},
       DOI = {10.1214/aoms/1177728978},
       URL = {https://doi.org/10.1214/aoms/1177728978},
}

@article {mcguire-grey-rankin-bound,
    AUTHOR = {McGuire, Gary},
     TITLE = {Quasi-symmetric designs and codes meeting the {G}rey-{R}ankin
              bound},
   JOURNAL = {J. Combin. Theory Ser. A},
  FJOURNAL = {Journal of Combinatorial Theory. Series A},
    VOLUME = {78},
      YEAR = {1997},
    NUMBER = {2},
     PAGES = {280--291},
      ISSN = {0097-3165},
   MRCLASS = {94B65 (05B20 05B30)},
  MRNUMBER = {1445418},
MRREVIEWER = {Ryoh Fuji-Hara},
       DOI = {10.1006/jcta.1997.2765},
       URL = {https://doi.org/10.1006/jcta.1997.2765},
}

@article {mitrouli-sylvester-type,
    AUTHOR = {Mitrouli, M.},
     TITLE = {Sylvester {H}adamard matrices revisited},
   JOURNAL = {Spec. Matrices},
  FJOURNAL = {Special Matrices},
    VOLUME = {1},
      YEAR = {2013},
     PAGES = {120--124},
   MRCLASS = {15B34 (05B20)},
  MRNUMBER = {3155411},
}

@article {neumann,
    AUTHOR = {Neumann, Peter M.},
     TITLE = {Generosity and characters of multiply transitive permutation
              groups},
   JOURNAL = {Proc. London Math. Soc. (3)},
  FJOURNAL = {Proceedings of the London Mathematical Society. Third Series},
    VOLUME = {31},
      YEAR = {1975},
    NUMBER = {4},
     PAGES = {457--481},
      ISSN = {0024-6115},
   MRCLASS = {20B20},
  MRNUMBER = {382407},
MRREVIEWER = {W. M. Kantor},
       DOI = {10.1112/plms/s3-31.4.457},
       URL = {https://doi.org/10.1112/plms/s3-31.4.457},
}

@article {quasi-unbiased,
    AUTHOR = {Nozaki, Hiroshi and Suda, Sho},
     TITLE = {Weighing matrices and spherical codes},
   JOURNAL = {J. Algebraic Combin.},
  FJOURNAL = {Journal of Algebraic Combinatorics. An International Journal},
    VOLUME = {42},
      YEAR = {2015},
    NUMBER = {1},
     PAGES = {283--291},
      ISSN = {0925-9899},
   MRCLASS = {05B20 (94B25)},
  MRNUMBER = {3365601},
MRREVIEWER = {Ce Shi},
       DOI = {10.1007/s10801-015-0581-6},
       URL = {https://doi.org/10.1007/s10801-015-0581-6},
}

@article {cont-tern-code,
    AUTHOR = {\"{O}sterg\aa rd, Patric R. J. and Svanstr\"{o}m, Mattias},
     TITLE = {Ternary constant weight codes},
   JOURNAL = {Electron. J. Combin.},
  FJOURNAL = {Electronic Journal of Combinatorics},
    VOLUME = {9},
      YEAR = {2002},
    NUMBER = {1},
     PAGES = {Research Paper 41, 23},
   MRCLASS = {94B05},
  MRNUMBER = {1936863},
       URL = {http://www.combinatorics.org/Volume_9/Abstracts/v9i1r41.html},
}

@article{paley,
author = {Paley, R. E. A. C.},
title = {On Orthogonal Matrices},
journal = {Journal of Mathematics and Physics},
volume = {12},
number = {1-4},
pages = {311-320},
doi = {https://doi.org/10.1002/sapm1933121311},
url = {https://onlinelibrary.wiley.com/doi/abs/10.1002/sapm1933121311},
eprint = {https://onlinelibrary.wiley.com/doi/pdf/10.1002/sapm1933121311},
year = {1933}
}

@book {paley-wiener,
    AUTHOR = {Paley, Raymond E. A. C. and Wiener, Norbert},
     TITLE = {Fourier transforms in the complex domain},
    SERIES = {American Mathematical Society Colloquium Publications},
    VOLUME = {19},
      NOTE = {Reprint of the 1934 original},
 PUBLISHER = {American Mathematical Society, Providence, RI},
      YEAR = {1987},
     PAGES = {x+184},
      ISBN = {0-8218-1019-7},
   MRCLASS = {01A75 (30-03 42-02)},
  MRNUMBER = {1451142},
       DOI = {10.1090/coll/019},
       URL = {https://doi.org/10.1090/coll/019},
}

@misc{pender_2020, title={Balanced Group Matrices. Honors Thesis}, author={Pender, Thomas Scott}, year={2020}} 

@article{risk-finance,
  title={Uncertainty principles in risk finance},
  author={Powers, Michael R},
  journal={The Journal of Risk Finance},
  year={2010},
  publisher={Emerald Group Publishing Limited}
}

@article {radon,
    AUTHOR = {Radon, J.},
     TITLE = {Lineare {S}charen orthogonaler {M}atrizen},
   JOURNAL = {Abh. Math. Sem. Univ. Hamburg},
  FJOURNAL = {Abhandlungen aus dem Mathematischen Seminar der Universit\"{a}t
              Hamburg},
    VOLUME = {1},
      YEAR = {1922},
    NUMBER = {1},
     PAGES = {1--14},
      ISSN = {0025-5858},
   MRCLASS = {DML},
  MRNUMBER = {3069384},
       DOI = {10.1007/BF02940576},
       URL = {https://doi.org/10.1007/BF02940576},
}

@article {rajkundlia,
    AUTHOR = {Rajkundlia, Dinesh P.},
     TITLE = {Some techniques for constructing infinite families of {BIBD}s},
   JOURNAL = {Discrete Math.},
  FJOURNAL = {Discrete Mathematics},
    VOLUME = {44},
      YEAR = {1983},
    NUMBER = {1},
     PAGES = {61--96},
      ISSN = {0012-365X},
   MRCLASS = {05B05 (05B20)},
  MRNUMBER = {687896},
MRREVIEWER = {Henry Beker},
       DOI = {10.1016/0012-365X(83)90007-9},
       URL = {https://doi.org/10.1016/0012-365X(83)90007-9},
}

@book {rosen-num-theory,
    AUTHOR = {Rosen, Kenneth H.},
     TITLE = {Elementary number theory and its applications},
   EDITION = {Fourth},
 PUBLISHER = {Addison-Wesley, Reading, MA},
      YEAR = {2000},
     PAGES = {xviii+638},
      ISBN = {0-201-87073-8},
   MRCLASS = {11-01},
  MRNUMBER = {1739433},
MRREVIEWER = {Norman J. Richert},
}

@article{sahoo-probability,
  title={Probability and mathematical statistics},
  author={Sahoo, Prasanna},
  journal={University of Louisville},
  year={2013}
}

@incollection {seberry-partial,
    AUTHOR = {Seberry, Jennifer},
     TITLE = {Some families of partially balanced incomplete block designs},
 BOOKTITLE = {Combinatorial mathematics, {IX} ({B}risbane, 1981)},
    SERIES = {Lecture Notes in Math.},
    VOLUME = {952},
     PAGES = {378--386},
 PUBLISHER = {Springer, Berlin-New York},
      YEAR = {1982},
   MRCLASS = {05B05},
  MRNUMBER = {674151},
MRREVIEWER = {Nicholas Krier},
}

@book {seberry-od-2017,
    AUTHOR = {Seberry, Jennifer},
     TITLE = {Orthogonal designs},
      NOTE = {Hadamard matrices, quadratic forms and algebras,
              Revised and updated edition of the 1979 original [ MR0534614]},
 PUBLISHER = {Springer, Cham},
      YEAR = {2017},
     PAGES = {xxiii+453},
      ISBN = {978-3-319-59031-8; 978-3-319-59032-5},
   MRCLASS = {05-02 (05B05 05B20 05B30)},
  MRNUMBER = {3729402},
MRREVIEWER = {Anthony B. Evans},
       DOI = {10.1007/978-3-319-59032-5},
       URL = {https://doi.org/10.1007/978-3-319-59032-5},
}

@incollection {seberry-yamada-hmatrices-designs,
    AUTHOR = {Seberry, Jennifer and Yamada, Mieko},
     TITLE = {Hadamard matrices, sequences, and block designs},
 BOOKTITLE = {Contemporary design theory},
    SERIES = {Wiley-Intersci. Ser. Discrete Math. Optim.},
     PAGES = {431--560},
 PUBLISHER = {Wiley, New York},
      YEAR = {1992},
   MRCLASS = {05B20},
  MRNUMBER = {1178508},
}

@inproceedings {schellenberg,
    AUTHOR = {Schellenberg, Paul J.},
     TITLE = {A computer construction for balanced orthogonal matrices},
 BOOKTITLE = {Proceedings of the {S}ixth {S}outheastern {C}onference on
              {C}ombinatorics, {G}raph {T}heory and {C}omputing ({F}lorida
              {A}tlantic {U}niv., {B}oca {R}aton, {F}la., 1975)},
     PAGES = {513--522. Congressus Numerantium, No. XIV},
      YEAR = {1975},
   MRCLASS = {05B05},
  MRNUMBER = {0392606},
MRREVIEWER = {Vera Pless},
}

@article {shrikhande-generalized-hadamard-matrices,
    AUTHOR = {Shrikhande, S. S.},
     TITLE = {Generalized {H}adamard matrices and orthogonal arrays of
              strength two},
   JOURNAL = {Canadian J. Math.},
  FJOURNAL = {Canadian Journal of Mathematics. Journal Canadien de
              Math\'{e}matiques},
    VOLUME = {16},
      YEAR = {1964},
     PAGES = {736--740},
      ISSN = {0008-414X},
   MRCLASS = {05.25 (62.61)},
  MRNUMBER = {166889},
MRREVIEWER = {S. Addelman},
       DOI = {10.4153/CJM-1964-070-1},
       URL = {https://doi.org/10.4153/CJM-1964-070-1},
}

@article {shrikhande-affine,
    AUTHOR = {Shrikhande, S. S.},
     TITLE = {Affine resolvable balanced incomplete block designs: a survey},
   JOURNAL = {Aequationes Math.},
  FJOURNAL = {Aequationes Mathematicae},
    VOLUME = {14},
      YEAR = {1976},
    NUMBER = {3},
     PAGES = {251--269},
      ISSN = {0001-9054},
   MRCLASS = {05B05},
  MRNUMBER = {406824},
MRREVIEWER = {Sanpei Kageyama},
       DOI = {10.1007/BF01835977},
       URL = {https://doi.org/10.1007/BF01835977},
}

@book {quasi-symmetric-shrikhande,
    AUTHOR = {Shrikhande, Mohan S. and Sane, Sharad S.},
     TITLE = {Quasi-symmetric designs},
    SERIES = {London Mathematical Society Lecture Note Series},
    VOLUME = {164},
 PUBLISHER = {Cambridge University Press, Cambridge},
      YEAR = {1991},
     PAGES = {xvi+225},
      ISBN = {0-521-41407-5},
   MRCLASS = {05B05 (05E30)},
  MRNUMBER = {1145003},
MRREVIEWER = {Sylvia A. Hobart},
       DOI = {10.1017/CBO9780511665615},
       URL = {https://doi.org/10.1017/CBO9780511665615},
}

@article {singer,
    AUTHOR = {Singer, James},
     TITLE = {A theorem in finite projective geometry and some applications
              to number theory},
   JOURNAL = {Trans. Amer. Math. Soc.},
  FJOURNAL = {Transactions of the American Mathematical Society},
    VOLUME = {43},
      YEAR = {1938},
    NUMBER = {3},
     PAGES = {377--385},
      ISSN = {0002-9947},
   MRCLASS = {51E15 (05B10 05B25)},
  MRNUMBER = {1501951},
       DOI = {10.2307/1990067},
       URL = {https://doi.org/10.2307/1990067},
}

 @article{spence, 
TITLE = {Strongly Regular Graphs on at most 64 vertices. {\it http://www.maths.gla.ac.uk/~es/srgraphs.php}}, 
URL = {http://www.maths.gla.ac.uk/~es/srgraphs.php}, 
journal = {Strongly regular graphs},
author = {Spence, Ted},
}

@book {combinatorial-designs,
    AUTHOR = {Stinson, Douglas R.},
     TITLE = {Combinatorial designs},
      NOTE = {Constructions and analysis,
              With a foreword by Charles J. Colbourn},
 PUBLISHER = {Springer-Verlag, New York},
      YEAR = {2004},
     PAGES = {xvi+300},
      ISBN = {0-387-95487-2},
   MRCLASS = {05-01 (05Bxx)},
  MRNUMBER = {2029249},
MRREVIEWER = {Dieter Jungnickel},
}

@book {comb-room-sum-free,
    AUTHOR = {Wallis, W. D. and Street, Anne Penfold and Wallis, Jennifer
              Seberry},
     TITLE = {Combinatorics: {R}oom squares, sum-free sets, {H}adamard
              matrices},
    SERIES = {Lecture Notes in Mathematics, Vol. 292},
 PUBLISHER = {Springer-Verlag, Berlin-New York},
      YEAR = {1972},
     PAGES = {iv+508},
   MRCLASS = {05-02},
  MRNUMBER = {0392580},
MRREVIEWER = {Stanley E. Payne},
}

@article{sylvester,
author = { J.J.   Sylvester },
title = {LX. Thoughts on inverse orthogonal matrices, simultaneous signsuccessions, and tessellated pavements in two or more colours, with applications to Newton's rule, ornamental tile-work, and the theory of numbers},
journal = {The London, Edinburgh, and Dublin Philosophical Magazine and Journal of Science},
volume = {34},
number = {232},
pages = {461-475},
year  = {1867},
publisher = {Taylor & Francis},
doi = {10.1080/14786446708639914},

URL = { 
        https://doi.org/10.1080/14786446708639914
    
},
eprint = { 
        https://doi.org/10.1080/14786446708639914
   
}
}	
		
@article {tonchev-self-orthogonal-codes,
    AUTHOR = {Tonchev, Vladimir D.},
     TITLE = {Generalized weighing matrices and self-orthogonal codes},
   JOURNAL = {Discrete Math.},
  FJOURNAL = {Discrete Mathematics},
    VOLUME = {309},
      YEAR = {2009},
    NUMBER = {14},
     PAGES = {4697--4699},
      ISSN = {0012-365X},
   MRCLASS = {94B05 (05B20 15B33)},
  MRNUMBER = {2533129},
MRREVIEWER = {Jaume Pujol},
       DOI = {10.1016/j.disc.2008.05.036},
       URL = {https://doi.org/10.1016/j.disc.2008.05.036},
}

@book {waldron-tight-frames,
    AUTHOR = {Waldron, Shayne F. D.},
     TITLE = {An introduction to finite tight frames},
    SERIES = {Applied and Numerical Harmonic Analysis},
 PUBLISHER = {Birkh\"{a}user/Springer, New York},
      YEAR = {2018},
     PAGES = {xx+587},
      ISBN = {978-0-8176-4814-5; 978-0-8176-4815-2},
   MRCLASS = {42-02 (20C15 41A58 42C15 42C40)},
  MRNUMBER = {3752185},
MRREVIEWER = {Bernhard G. Bodmann},
       DOI = {10.1007/978-0-8176-4815-2},
       URL = {https://doi.org/10.1007/978-0-8176-4815-2},
}

@article {waldron-quaternions,
    AUTHOR    = {Waldron,Shayne},
    TITLE     = {Tight frames over the quaternions and equiangular lines},
    PUBLISHER = {arXiv:2006.06126},
    YEAR      = {2020},
}

@book {wielandt,
    AUTHOR = {Wielandt, Helmut},
     TITLE = {Finite permutation groups},
      NOTE = {Translated from the German by R. Bercov},
 PUBLISHER = {Academic Press, New York-London},
      YEAR = {1964},
     PAGES = {x+114},
   MRCLASS = {20.20},
  MRNUMBER = {0183775},
MRREVIEWER = {N. Ito},
}

@article{k-hadamard,
  title={The uncertainty principle: variations on a theme},
  author={Wigderson, Avi and Wigderson, Yuval},
  journal={arXiv preprint arXiv:2006.11206},
  year={2020}
}

@book {young-nonharmonic-frames,
    AUTHOR = {Young, Robert M.},
     TITLE = {An introduction to nonharmonic {F}ourier series},
   EDITION = {first},
 PUBLISHER = {Academic Press, Inc., San Diego, CA},
      YEAR = {2001},
     PAGES = {xiv+234},
      ISBN = {0-12-772955-0},
   MRCLASS = {42-01 (30D20 42C15 42C40)},
  MRNUMBER = {1836633},
MRREVIEWER = {Ole Christensen},
}


